<?xml version="1.0" encoding="UTF-8"?><collection xmlns="http://www.loc.gov/MARC21/slim"><record><leader>00442nam--2200145-i-4500</leader><controlfield tag="001">000006023</controlfield><controlfield tag="002">20161230</controlfield><controlfield tag="005">20161230201026</controlfield><controlfield tag="008">060222s1000------------r-----000-0-eng-d</controlfield><datafield ind1=" " ind2=" " tag="080"><subfield code="a">530.145</subfield></datafield><datafield ind1=" " ind2=" " tag="100"><subfield code="a">Ahmavaara, Y</subfield></datafield><datafield ind1=" " ind2=" " tag="245"><subfield code="a">Relativistic quantum theory as a group problem. world geometry and the elementary particle</subfield></datafield><datafield ind1=" " ind2=" " tag="260"><subfield code="a">Helsinki, Suomalainen Tiedeakatemia, 1962</subfield></datafield><datafield ind1=" " ind2=" " tag="490"><subfield code="a">Annales Acad.Sci. Fennicae.Physica.85</subfield></datafield><datafield ind1=" " ind2=" " tag="852"><subfield code="a">6361</subfield></datafield></record></collection>